<?xml version="1.0" encoding="UTF-8"?><collection xmlns="http://www.loc.gov/MARC21/slim"><record><leader>00438nam--2200133-i-4500</leader><controlfield tag="001">000038372</controlfield><controlfield tag="002">20161230</controlfield><controlfield tag="005">20161230201041</controlfield><controlfield tag="008">060222s1000------------r-----000-0-eng-d</controlfield><datafield ind1=" " ind2=" " tag="080"><subfield code="a">621.397.331:621.396.969.34(043)</subfield></datafield><datafield ind1=" " ind2=" " tag="100"><subfield code="a">Renard, Isabelle (Epouse Pellet)</subfield></datafield><datafield ind1=" " ind2=" " tag="245"><subfield code="a">Detection spatio temporelle d`un objet mobile par analyse numerique d`une succession d`images. these</subfield></datafield><datafield ind1=" " ind2=" " tag="260"><subfield code="a">Orsay, Univ.De Paris-sud, 1980, 158p</subfield></datafield><datafield ind1=" " ind2=" " tag="852"><subfield code="a">49769</subfield></datafield></record></collection>